
@online{van_den_doel_sounds_????,
	title = {The Sounds of Physical Shapes},
	url = {http://www.cs.ubc.ca/~kvdoel/publications/sound-shapes.pdf},
	author = {van den Doel, Kees and Dinesh, K. Pai},
	urldate = {2014-05-24},
	file = {The Sounds of Physical Shapes:/Users/macuserin/Library/Application Support/Firefox/Profiles/4vqb2qnw.default/zotero/storage/UK57WDEA/The Sounds of Physical Shapes.pdf:application/pdf}
}

@inproceedings{chaudhary_3-d_1998,
	title = {A 3-D graphical user interface for resonance modeling},
	booktitle = {Proceedings of the International Computer Music Conference, Ann Arbor},
	author = {Chaudhary, Amar and Freed, Adrian and Khoury, Sami and Wessel, David},
	date = {1998},
	file = {Microsoft Word - res-icmc-cdrâ€“ - 3d+graphical+user.pdf:/Users/macuserin/Library/Application Support/Firefox/Profiles/4vqb2qnw.default/zotero/storage/JAICPXUI/3d+graphical+user.pdf:application/pdf}
}