
@misc{center_for_history_and_new_media_zotero_nodate,
	title = {Zotero {Quick} {Start} {Guide}},
	url = {http://zotero.org/support/quick_start_guide},
	author = {{Center for History and New Media}},
	annote = {Welcome to Zotero!View the Quick Start Guide to learn how to begin collecting, managing, citing, and sharing your research sources.Thanks for installing Zotero.}
}

@article{giannoulis_digital_2012,
	title = {Digital dynamic range compressor design—a tutorial and analysis},
	volume = {60},
	url = {http://www.aes.org/e-lib/browse.cfm?elib=16354},
	number = {6},
	urldate = {2016-11-26},
	journal = {Journal of the Audio Engineering Society},
	author = {Giannoulis, Dimitrios and Massberg, Michael and Reiss, Joshua D.},
	year = {2012},
	pages = {399--408},
	file = {JAES-1125-11_HR - GiannoulisMassbergReiss-dynamicrangecompression-JAES2012.pdf:/root/.mozilla/firefox/w63beqc3.default/zotero/storage/4ESFRKAF/GiannoulisMassbergReiss-dynamicrangecompression-JAES2012.pdf:application/pdf}
}

@misc{ebu_ebu_2014,
	title = {{EBU} {R}128, {LOUDNESS} {NORMALISATION}  {AND} {PERMITTED} {MAXIMUM} {LEVEL} {OF} {AUDIO} {SIGNALS}},
	shorttitle = {{EBU} {R}128},
	url = {https://tech.ebu.ch/docs/r/r128-2014.pdf},
	urldate = {2016-11-26},
	author = {{EBU}},
	year = {2014},
	file = {r128-2014.pdf - r128-2014.pdf:/root/.mozilla/firefox/w63beqc3.default/zotero/storage/4QDJD743/r128-2014.pdf:application/pdf}
}

@inproceedings{reiss_intelligent_2011,
	title = {Intelligent systems for mixing multichannel audio},
	url = {http://ieeexplore.ieee.org/xpls/abs_all.jsp?arnumber=6004988},
	urldate = {2016-11-27},
	booktitle = {2011 17th {International} {Conference} on {Digital} {Signal} {Processing} ({DSP})},
	publisher = {IEEE},
	author = {Reiss, Joshua D.},
	year = {2011},
	pages = {1--6},
	file = {Reiss-DSP2011.pdf:/root/.mozilla/firefox/w63beqc3.default/zotero/storage/RHXFU8H8/Reiss-DSP2011.pdf:application/pdf}
}

@inproceedings{gonzalez_automatic_2007,
	title = {Automatic mixing: live downmixing stereo panner},
	shorttitle = {Automatic mixing},
	url = {http://dafx.labri.fr/main/papers/p063.pdf},
	urldate = {2016-11-27},
	booktitle = {Proceedings of the 7th {International} {Conference} on {Digital} {Audio} {Effects} ({DAFx}’07)},
	author = {Gonzalez, E. Perez and Reiss, Joshua},
	year = {2007},
	pages = {63--68},
	file = {Microsoft Word - ENRIQUE_DAFX6.doc - p063.pdf:/root/.mozilla/firefox/w63beqc3.default/zotero/storage/B675XIB9/p063.pdf:application/pdf}
}

@inproceedings{perez-gonzalez_automatic_2009,
	title = {Automatic equalization of multichannel audio using cross-adaptive methods},
	url = {http://www.aes.org/e-lib/browse.cfm?conv=127&papernum=7830},
	urldate = {2016-11-27},
	booktitle = {Audio {Engineering} {Society} {Convention} 127},
	publisher = {Audio Engineering Society},
	author = {Perez-Gonzalez, Enrique and Reiss, Joshua},
	year = {2009},
	file = {Auto_EQ_AES_127_5 - PerezReiss-AES1272009-AutomaticEqualisation.pdf:/root/.mozilla/firefox/w63beqc3.default/zotero/storage/GRIEB4RZ/PerezReiss-AES1272009-AutomaticEqualisation.pdf:application/pdf}
}

@inproceedings{mansbridge_autonomous_2012,
	title = {An autonomous system for multitrack stereo pan positioning},
	url = {http://www.aes.org/e-lib/online/browse.cfm?elib=16478},
	urldate = {2016-11-27},
	booktitle = {Audio {Engineering} {Society} {Convention} 133},
	publisher = {Audio Engineering Society},
	author = {Mansbridge, Stuart and Finn, Saorise and Reiss, Joshua D.},
	year = {2012},
	file = {Audio Engineering Society - MansbridgeFinnReiss-AES133-Autonomoussystemformultitrackstereopositioning.pdf:/root/.mozilla/firefox/w63beqc3.default/zotero/storage/86RKQECR/MansbridgeFinnReiss-AES133-Autonomoussystemformultitrackstereopositioning.pdf:application/pdf}
}

@inproceedings{mansbridge_implementation_2012,
	title = {Implementation and evaluation of autonomous multi-track fader control},
	url = {http://www.aes.org/e-lib/browse.cfm?conv=132&papernum=8588},
	urldate = {2016-11-27},
	booktitle = {Audio {Engineering} {Society} {Convention} 132},
	publisher = {Audio Engineering Society},
	author = {Mansbridge, Stuart and Finn, Saoirse and Reiss, Joshua D.},
	year = {2012},
	file = {Audio Engineering Society - MansbridgeFinnReiss-AES1322012-AutoMultitrackFaders.pdf:/root/.mozilla/firefox/w63beqc3.default/zotero/storage/JBZTF2HW/MansbridgeFinnReiss-AES1322012-AutoMultitrackFaders.pdf:application/pdf}
}

@article{giannoulis_parameter_2013,
	title = {Parameter automation in a dynamic range compressor},
	volume = {61},
	url = {http://www.aes.org/e-lib/browse.cfm?elib=16965},
	number = {10},
	urldate = {2016-11-27},
	journal = {Journal of the Audio Engineering Society},
	author = {Giannoulis, Dimitrios and Massberg, Michael and Reiss, Joshua D.},
	year = {2013},
	pages = {716--726},
	file = {JAES-1126-11_HR - Giannoulis Massberg Reiss - dynamic range compression automation - JAES 2013.pdf:/root/.mozilla/firefox/w63beqc3.default/zotero/storage/U3WM2HZE/Giannoulis Massberg Reiss - dynamic range compression automation - JAES 2013.pdf:application/pdf}
}

@inproceedings{behler_automatic_2010,
	title = {Automatic loudness control},
	url = {http://www.acoustics.asn.au/conference_proceedings/ICA2010/cdrom-ICA2010/papers/p960.pdf},
	urldate = {2016-12-09},
	booktitle = {Proceedings of the 20th international congress on acoustics},
	author = {Behler, Gottfried and Guski, Martin and Vorlander, M.},
	year = {2010},
	file = {Microsoft Word - V06 - ICA2010-1.docx - p960.pdf:/root/.mozilla/firefox/w63beqc3.default/zotero/storage/95BW72SI/p960.pdf:application/pdf}
}

@article{series_algorithms_2011,
	title = {Algorithms to measure audio programme loudness and true-peak audio level},
	url = {https://www.itu.int/dms_pubrec/itu-r/rec/bs/R-REC-BS.1770-4-201510-I!!PDF-E.pdf},
	urldate = {2016-12-09},
	author = {Series, B. S.},
	year = {2011},
	file = {RECOMMENDATION ITU-R BS.1770-3* - Algorithms to measure audio programme loudness and true-peak audio level - R-REC-BS.1770-4-201510-I!!PDF-E.pdf:/root/.mozilla/firefox/w63beqc3.default/zotero/storage/GVICJWRX/R-REC-BS.1770-4-201510-I!!PDF-E.pdf:application/pdf}
}

@inproceedings{lund_control_2006,
	title = {Control of {Loudness} in {Digital} {TV}},
	url = {http://cdn-downloads.tcelectronic.com/media/1018259/lund_2006_loudness_nab2006.pdf},
	urldate = {2016-12-09},
	booktitle = {Proc. of the {NAB}-2006 {Convention}},
	author = {Lund, Thomas},
	year = {2006},
	file = {Microsoft Word - Table of contents.doc - lund_2006_loudness_nab2006.pdf:/root/.mozilla/firefox/w63beqc3.default/zotero/storage/GKHWUDEQ/lund_2006_loudness_nab2006.pdf:application/pdf}
}

@inproceedings{maddams_autonomous_2012,
	title = {An autonomous method for multi-track dynamic range compression},
	url = {http://www.eecs.qmul.ac.uk/~josh/documents/MaddamsFinnReiss-AutonomousMultiTrackDynamicRangeCompression-DAFX12.pdf},
	urldate = {2016-12-09},
	booktitle = {Proceedings of the 15th {International} {Conference} on {Digital} {Audio} {Effects} ({DAFx}-12)},
	author = {Maddams, Jacob A. and Finn, Saoirse and Reiss, Joshua D.},
	year = {2012},
	file = {Microsoft Word - JM_DAFX2012_Revised.rtf - dafx12_submission_6.pdf:/root/.mozilla/firefox/w63beqc3.default/zotero/storage/VI8BA5I3/dafx12_submission_6.pdf:application/pdf}
}

@inproceedings{vickers_automatic_2001,
	title = {Automatic long-term loudness and dynamics matching},
	url = {http://www.aes.org/e-lib/browse.cfm?elib=9888},
	urldate = {2016-12-09},
	booktitle = {Audio {Engineering} {Society} {Convention} 111},
	publisher = {Audio Engineering Society},
	author = {Vickers, Earl},
	year = {2001},
	file = {Microsoft Word - AES_Loudness_Paper_reformatted.doc - LoudnessAndDynamicsMatching.pdf:/root/.mozilla/firefox/w63beqc3.default/zotero/storage/P2FVWM6R/LoudnessAndDynamicsMatching.pdf:application/pdf}
}

@misc{julius_o._smith_introduction_2007,
	title = {Introduction to {Digital} {Filters} with {Audio} {Applications}},
	url = {http://www.w3k.org/books/},
	urldate = {2016-12-18},
	author = {{Julius O. Smith}},
	year = {2007},
	file = {Time Constant of One Pole:/root/.mozilla/firefox/w63beqc3.default/zotero/storage/D4ZXDANG/Time_Constant_One_Pole.html:text/html}
}

@article{itu_algorithms_2011,
	title = {Algorithms to measure audio programme loudness and true-peak audio level},
	url = {https://www.itu.int/dms_pubrec/itu-r/rec/bs/R-REC-BS.1770-4-201510-I!!PDF-E.pdf},
	urldate = {2016-12-24},
	author = {{ITU}},
	year = {2011},
	file = {RECOMMENDATION ITU-R BS.1770-3* - Algorithms to measure audio programme loudness and true-peak audio level - R-REC-BS.1770-4-201510-I!!PDF-E.pdf:/root/.mozilla/firefox/w63beqc3.default/zotero/storage/PTRUEBPA/R-REC-BS.1770-4-201510-I!!PDF-E.pdf:application/pdf}
}

@misc{ebu_loudness_2016,
	title = {Loudness {Range}: {A} measure to {Supplement} {EBU} {R} 128 {Loudness} {Normalization}},
	url = {https://tech.ebu.ch/docs/tech/tech3342.pdf},
	urldate = {2016-12-24},
	author = {{EBU}},
	year = {2016},
	file = {tech3342.pdf - tech3342.pdf:/root/.mozilla/firefox/w63beqc3.default/zotero/storage/9X6QRZ4U/tech3342.pdf:application/pdf}
}

@misc{noauthor_dafx_book.pdf_nodate,
	title = {dafx\_book.pdf},
	url = {http://www.music.mcgill.ca/~ich/classes/dafx_book.pdf},
	urldate = {2016-12-27}
}

@book{zolzer_dafx:_2002,
	address = {Chichester ; New York, N.Y},
	title = {{DAFX}: digital audio effects},
	isbn = {978-0-471-49078-4},
	shorttitle = {{DAFX}},
	publisher = {Wiley},
	editor = {Zölzer, Udo and Amatriain, Xavier},
	year = {2002},
	note = {OCLC: ocm49549813},
	keywords = {Signal processing, Digital techniques, Computer sound processing, Recording and reproducing Digital techniques, Sound},
	file = {dafx_book.pdf:/root/.mozilla/firefox/w63beqc3.default/zotero/storage/UKI5XWZK/dafx_book.pdf:application/pdf}
}

@inproceedings{gorlow_restoring_2014,
	title = {Restoring the dynamics of clipped audio material by inversion of dynamic range compression},
	url = {http://ieeexplore.ieee.org/xpls/abs_all.jsp?arnumber=6873575},
	urldate = {2016-12-28},
	booktitle = {2014 {IEEE} {International} {Symposium} on {Broadband} {Multimedia} {Systems} and {Broadcasting}},
	publisher = {IEEE},
	author = {Gorlow, Stanislaw and Reiss, Joshua D. and Duru, Elodie},
	year = {2014},
	pages = {1--5},
	file = {() - document:/root/.mozilla/firefox/w63beqc3.default/zotero/storage/2CQCKDZ5/document.pdf:application/pdf}
}

@misc{gorlow_model-based_2013,
	title = {Model-{Based} {Inversion} of {Dynamic} {Range} {Compression}},
	url = {https://hal.archives-ouvertes.fr/hal-00728059v1/document},
	urldate = {2016-12-28},
	author = {Gorlow, Stanislaw and Reiss, Joshua},
	year = {2013},
	file = {Model-Based Inversion of Dynamic Range Compression - document:/root/.mozilla/firefox/w63beqc3.default/zotero/storage/HXTM4S43/document.pdf:application/pdf}
}

@misc{tc-electronic_loudness_2016,
	title = {Loudness {Explained} {\textbar} {TC} {Electronic}},
	url = {http://www.tcelectronic.com/de/loudness/loudness-explained/},
	urldate = {2016-12-28},
	author = {{tc-electronic}},
	year = {2016},
	file = {Snapshot:/root/.mozilla/firefox/w63beqc3.default/zotero/storage/C4R4IGZU/loudness-explained.html:text/html}
}

@misc{noauthor_loudness_nodate,
	title = {Loudness {Explained} {\textbar} {TC} {Electronic}},
	url = {http://www.tcelectronic.com/de/loudness/loudness-explained/},
	urldate = {2016-12-28},
	file = {Snapshot:/root/.mozilla/firefox/w63beqc3.default/zotero/storage/HKSC3NHS/loudness-explained.html:text/html}
}

@misc{ebu_ebu_2016,
	title = {{EBU} {TECH} 3342},
	url = {https://tech.ebu.ch/docs/tech/tech3342.pdf},
	urldate = {2016-12-29},
	author = {{EBU}},
	year = {2016},
	file = {tech3342.pdf - tech3342.pdf:/root/.mozilla/firefox/w63beqc3.default/zotero/storage/42RUEU3T/tech3342.pdf:application/pdf}
}

@misc{joseph_timoney_implementing_2004,
	title = {Implementing {Loudness} {Models} in {MATLAB}},
	url = {http://eprints.maynoothuniversity.ie/4141/2/Dafx_2004_loud.pdf},
	urldate = {2016-12-29},
	author = {{Joseph Timoney} and {Thomas Lysaght} and {Marc Schoenwiesner} and {Lorcan Mac Manus}},
	year = {2004},
	file = {Implementing Loudness Models in MATLAB - Dafx_2004_loud.pdf:/root/.mozilla/firefox/w63beqc3.default/zotero/storage/4NXVVCEA/Dafx_2004_loud.pdf:application/pdf}
}

@misc{geoffroy_peeters_large_2004,
	title = {A {Large} {Set} of {Audio} {Features} for {Sound} {Description}},
	url = {http://recherche.ircam.fr/anasyn/peeters/ARTICLES/Peeters_2003_cuidadoaudiofeatures.pdf},
	urldate = {2016-12-29},
	author = {{Geoffroy Peeters}},
	year = {2004},
	file = {Peeters_2003_cuidadoaudiofeatures.pdf:/root/.mozilla/firefox/w63beqc3.default/zotero/storage/2SUAWQ88/Peeters_2003_cuidadoaudiofeatures.pdf:application/pdf}
}

@inproceedings{caetano_improved_2011,
	title = {Improved estimation of the amplitude envelope of time-domain signals using true envelope cepstral smoothing},
	url = {http://ieeexplore.ieee.org/xpls/abs_all.jsp?arnumber=5947290},
	urldate = {2016-12-29},
	booktitle = {2011 {IEEE} {International} {Conference} on {Acoustics}, {Speech} and {Signal} {Processing} ({ICASSP})},
	publisher = {IEEE},
	author = {Caetano, Marcelo and Rodet, Xavier},
	year = {2011},
	pages = {4244--4247},
	file = {Author Guidelines for 8 - document:/root/.mozilla/firefox/w63beqc3.default/zotero/storage/MX7U3XNF/document.pdf:application/pdf}
}

@misc{noauthor_dafx17_nodate,
	title = {{DAFx}17 {\textbar} {Edinburgh}},
	url = {http://www.dafx17.eca.ed.ac.uk/},
	urldate = {2017-01-13},
	file = {DAFx17 | Edinburgh:/root/.mozilla/firefox/w63beqc3.default/zotero/storage/2SQQ29VE/www.dafx17.eca.ed.ac.uk.html:text/html}
}

@misc{noauthor_submit_nodate,
	title = {Submit a {Paper} to the {AES} {Journal}},
	url = {http://www.aes.org/journal/submit/},
	urldate = {2017-01-13},
	file = {Submit a Paper to the AES Journal:/root/.mozilla/firefox/w63beqc3.default/zotero/storage/VDZ6FQN2/submit.html:text/html}
}

@misc{noauthor_aes_nodate,
	title = {{AES} {Berlin} 2017 » 142nd {Convention} {Call} for {Papers} and {Engineering} {Briefs}},
	url = {http://www.aes.org/events/142/authors/cfp/},
	urldate = {2017-01-13},
	file = {AES Berlin 2017 » 142nd Convention Call for Papers and Engineering Briefs:/root/.mozilla/firefox/w63beqc3.default/zotero/storage/I2853RS5/cfp.html:text/html}
}

@misc{noauthor_smc-2017_nodate,
	title = {{SMC}-2017 — {Espoo}, {Finland}},
	url = {http://smc2017.aalto.fi/papers.html},
	urldate = {2017-01-15},
	file = {SMC-2017 — Espoo, Finland:/root/.mozilla/firefox/w63beqc3.default/zotero/storage/U56XKP2T/papers.html:text/html}
}

@misc{miller_puckette_theory_2006,
	title = {The {Theory} and {Technique} of {Electronic} {Music}},
	url = {http://msp.ucsd.edu/techniques/v0.11/book.ps},
	urldate = {2017-01-17},
	author = {{Miller Puckette}},
	year = {2006},
	file = {book.ps:/root/.mozilla/firefox/w63beqc3.default/zotero/storage/CMAKIG8P/book.ps:application/postscript}
}

@book{farnell_designing_2010,
	address = {Cambridge, Mass},
	title = {Designing sound},
	isbn = {978-0-262-01441-0},
	publisher = {MIT Press},
	author = {Farnell, Andy},
	year = {2010},
	note = {OCLC: ocn494275436},
	keywords = {Computer sound processing, Recording and reproducing Digital techniques, Sound, Animated films, Motion pictures, Sound effects, Sounds, Video games}
}

@misc{smith_introduction_2007,
	title = {Introduction to {Digital} {Filters} with {Audio} {Applications}},
	url = {http://ccrma.stanford.edu/~jos/filters/},
	urldate = {2017-01-17},
	author = {Smith, Julius O.},
	year = {2007}
}

@book{doel_sounds_1996,
	title = {The {Sounds} of {Physical} {Shapes}},
	url = {http://www.cs.ubc.ca/ kvdoel/publications/sound-shapes.pdf},
	urldate = {2014-05-24},
	author = {Doel, van den and Dinesh, K. Pai and {Kees}},
	year = {1996}
}

@inproceedings{chaudhary_3-d_1998,
	title = {A 3-{D} graphical user interface for resonance modeling},
	booktitle = {Proceedings of the {International} {Computer} {Music} {Conference}, {Ann} {Arbor}},
	author = {Chaudhary, Amar and Freed, Adrian and Khoury, Sami and Wessel, David},
	year = {1998}
}

@book{noauthor_physically_2009,
	title = {Physically {Based} {Sound} {Synthesis} for {Interactive} {Applications} - {Cahill}.pdf},
	url = {https://www.scss.tcd.ie/postgraduate/msciet/current/Dissertations/0809/pdfs/Cahill.pdf},
	urldate = {2014-06-19},
	year = {2009},
	annote = {S 37: GPU acceleration of Modal synthesis‼}
}

@book{smith_physical_2010,
	title = {{PHYSICAL} {AUDIO} {SIGNAL} {PROCESSING} {FOR} {VIRTUAL} {MUSICAL} {INSTRUMENTS} {AND} {AUDIO} {EFFECTS}},
	url = {https://ccrma.stanford.edu/ jos/pasp/},
	urldate = {2014-07-30},
	author = {Smith, Julius O.},
	year = {2010}
}

@book{cook_real_2002,
	address = {Natick, Mass},
	title = {Real sound synthesis for interactive applications},
	isbn = {1-56881-168-3},
	publisher = {A K Peters},
	author = {Cook, Perry R.},
	year = {2002},
	keywords = {Computer sound processing, Interactive multimedia, Recording and reproducing Digital techniques, Sound},
	annote = {Includes and index}
}

@book{farnell_designing_2010-1,
	address = {Cambridge, Mass},
	title = {Designing sound},
	isbn = {978-0-262-01441-0},
	publisher = {MIT Press},
	author = {Farnell, Andy},
	year = {2010},
	keywords = {Computer sound processing, Recording and reproducing Digital techniques, Sound, Animated films, Motion pictures, Sound effects, Sounds, Video games}
}

@book{noauthor_notitle_nodate,
	url = {http://www.google.at/url?sa=t&rct=j&q=&esrc=s&source=web&cd=6&ved=0CEoQFjAF&url=http%3A%2F%2Fwww.researchgate.net%2Fpublication%2F233735046_An_Efficient_Algorithm_for_Automatic_Peak_Detection_in_Noisy_Periodic_and_Quasi-Periodic_Signals%2Flinks%2F09e4150ae82a36a70e000000&ei=c47aU7nOBJOy7AbnkIDoAg&usg=AFQjCNFk8MElNCy-JqdB-LT5iv8VUh_P-A&bvm=bv.72185853,d.ZGU},
	urldate = {2014-07-31}
}

@article{scholkmann_efficient_2012,
	title = {An {Efficient} {Algorithm} for {Automatic} {Peak} {Detection} in {Noisy} {Periodic} and {Quasi}-{Periodic} {Signals}},
	volume = {5},
	issn = {1999-4893},
	url = {http://www.mdpi.com/1999-4893/5/4/588/},
	doi = {10.3390/a5040588},
	language = {en},
	number = {4},
	urldate = {2014-07-31},
	journal = {Algorithms},
	author = {Scholkmann, Felix and Boss, Jens and Wolf, Martin},
	month = nov,
	year = {2012},
	pages = {588--603}
}

@book{noauthor_flohberger_report.pdf_nodate,
	title = {flohberger\_report.pdf},
	url = {https://www2.spsc.tugraz.at/www-archive/AdvancedSignalProcessing/SpeechSynthesis.new/flohberger_report.pdf},
	urldate = {2014-08-01}
}

@article{khoury_3d_nodate,
	title = {A 3D {Graphical} {User} {Interface} for {Resonance} {Modeling}},
	url = {http://www.researchgate.net/publication/228415135_A_3D_Graphical_User_Interface_for_Resonance_Modeling/file/50463521ccc5b55ba5.pdf},
	urldate = {2014-08-03},
	author = {Khoury, Amar Chaudhary Adrian Freed Sami and Wessel, David}
}

@inproceedings{schroeder_natural_1961,
	title = {Natural {Sounding} {Artificial} {Reverberation}},
	url = {http://www.aes.org/e-lib/browse.cfm?elib=343},
	booktitle = {Audio {Engineering} {Society} {Convention} 13},
	author = {Schroeder, Manfred R.},
	month = oct,
	year = {1961}
}

@book{frey_signal-_2009,
	address = {Wiesbaden},
	title = {Signal- und {Systemtheorie}: mit 26 {Tabellen}, 64 {Aufgaben} mit {Lösungen} und 84 {Beispielen}},
	isbn = {978-3-8348-9292-8 3-8348-9292-0 978-3-8351-0249-1 3-8351-0249-4},
	shorttitle = {Signal- und {Systemtheorie}},
	url = {http://dx.doi.org/10.1007/978-3-8348-9292-8},
	language = {German},
	urldate = {2014-08-09},
	publisher = {Vieweg+Teubner Verlag / GWV Fachverlage GmbH, Wiesbaden},
	author = {Frey, Bossert, Martin, Thomas},
	year = {2009}
}

@book{smith_mathematics_2007,
	title = {Mathematics of the {Discrete} {Fourier} {Transform} ({DFT})},
	url = {http://ccrma.stanford.edu/ jos/mdft/},
	urldate = {2014-08-09},
	author = {Smith, Julius O.},
	year = {2007}
}

@misc{massberg_investigation_2009,
	title = {Investigation in {Dynamic} {Range} {Compression}},
	url = {http://c4dm.eecs.qmul.ac.uk/audioengineering/compressors/documents/report.pdf},
	urldate = {2016-10-05},
	author = {Massberg, Michael},
	year = {2009},
	file = {Microsoft Word - report.doc - report.pdf:/root/.mozilla/firefox/w63beqc3.default/zotero/storage/QVHD8CWG/report.pdf:application/pdf}
}

@misc{noauthor_title_nodate,
	title = {Title},
	url = {file:///tmp/mozilla_root0/Title.html},
	urldate = {2017-06-30},
	file = {Title:/root/.mozilla/firefox/w63beqc3.default/zotero/storage/VVQGZDS4/Title.html:text/html}
}

@misc{noauthor_jupyterlab_nodate,
	title = {{JupyterLab} {Alpha} {Preview}},
	url = {http://127.0.0.1:12345/lab},
	urldate = {2017-10-08},
	file = {JupyterLab Alpha Preview:/root/.mozilla/firefox/w63beqc3.default/zotero/storage/5JSSGMMS/lab.html:text/html}
}

@misc{noauthor_notitle_nodate-1,
	url = {file:///root/Projects/FAUST/compressor/ppefDev-svg/process.svg},
	urldate = {2017-11-05},
	file = {:/root/.mozilla/firefox/w63beqc3.default/zotero/storage/SMIIXJ6Q/process.svg:image/svg+xml}
}

@misc{noauthor_linux_nodate,
	title = {linux installation instructions for standalone},
	url = {https://forums.zotero.org/discussion/63880/linux-installation-instructions-for-standalone},
	abstract = {Zotero is a powerful, easy-to-use research tool that helps you gather, organize, and analyze sources and then share the results of your research., When zotero 5 comes out soon, a flood of Linux users will presumably be switching from zotero firefox to zotero standalone.},
	urldate = {2017-12-13},
	journal = {Zotero Forums},
	file = {Snapshot:/root/.mozilla/firefox/w63beqc3.default/zotero/storage/HHVLQL6Z/linux-installation-instructions-for-standalone.html:text/html}
}

@book{noauthor_notitle_nodate-2
}

@book{zolzer_dafx:_2011,
	address = {Chichester},
	edition = {Second edition},
	title = {{DAFX}: digital audio effects},
	isbn = {978-1-119-99130-4 978-0-470-66599-2 978-1-119-99129-8 978-0-470-97967-9},
	shorttitle = {{DAFX}},
	abstract = {"This book investigates digital signal processing, its application to sound, and how its effects on sound can be used within music. The first edition developed in association with the annual International Conference on Digital Audio Effects, and this book have been critical in the advancement of the field, both in research and industry. Rapid development in different fields of Digital Audio Effects has led to new algorithms, and this new edition will combine these with improved presentation of the basic concepts and discussion of the related technology. It will cover filters and delays, modulators and demodulators, nonlinear processing, spatial effects, time-segment processing, time-frequency processing, source-filter processing, spectral processing, time and frequency warping musical signals, as well as completely new chapters on the recent developments in virtual analog effects, automatic mixing, and sound source separation. Each effect description will begin with a presentation of the physical and acoustical phenomena, followed by an explanation of the signal processing techniques to achieve the effect, and some musical applications and the control of effect parameters"--},
	language = {eng},
	publisher = {Wiley},
	editor = {Zölzer, Udo},
	year = {2011},
	note = {OCLC: 729989097},
	annote = {Literaturangaben Hier auch später erschienene, unveränderte Nachdrucke},
	file = {Table of Contents PDF:/root/.mozilla/firefox/w63beqc3.default/zotero/storage/ZR2DJS5T/Zölzer - 2011 - DAFX digital audio effects.pdf:application/pdf}
}

@book{bilbao_numerical_2009,
	address = {Chichester},
	title = {Numerical sound synthesis: finite difference schemes and simulation in musical acoustics},
	isbn = {978-0-470-51046-9},
	shorttitle = {Numerical sound synthesis},
	publisher = {Wiley},
	author = {Bilbao, Stefan D.},
	year = {2009},
	note = {OCLC: ocn319497904},
	keywords = {Computer simulation, Finite differences, Mathematical models, Musical instruments},
	annote = {Sound synthesis and physical modeling -- Time series and difference operators -- The oscillator -- The oscillator in musical acoustics -- Grid functions and finite difference operators in 1D -- The 1D wave equation -- Linear bar and string vibration -- Nonlinear string vibration -- Acoustic tubes -- Grid functions and finite difference operators in 2D -- The 2D wave equation -- Linear plate vibration -- Nonlinear plate vibration -- Conclusion and perspectives}
}